@article{chawla2002smote,
  title={SMOTE: synthetic minority over-sampling technique},
  author={Chawla, Nitesh V and Bowyer, Kevin W and Hall, Lawrence O and Kegelmeyer, W Philip},
  journal={Journal of artificial intelligence research},
  volume={16},
  pages={321--357},
  year={2002}
}

@article{johnson2019survey,
  title={Survey on deep learning with class imbalance},
  author={Johnson, Justin M and Khoshgoftaar, Taghi M},
  journal={Journal of big data},
  volume={6},
  number={1},
  pages={1--54},
  year={2019},
  publisher={Springer}
}

@article{MerwanC,
  title={Méthodes de rééquilibrage des classes en classification supervisée},
  author={Chelouah, Merwan}
}


@inproceedings{Han2005BorderlineSMOTE,
  author    = {Hui Han and Wen-Yuan Wang and Bing-Huan Mao},
  title     = {Borderline-SMOTE: A New Over-Sampling Method in Imbalanced Data Sets Learning},
  booktitle = {Advances in Intelligent Computing (ICIC 2005), LNCS 3644},
  year      = {2005},
  pages     = {878--887},
  publisher = {Springer}
}

@misc{sklearnNeighbors,
  author       = {{scikit-learn developers}},
  title        = {Nearest Neighbors},
  howpublished = {\url{https://scikit-learn.org/stable/modules/neighbors.html}},
  year         = {2025},
  note         = {Accessed Oct. 2025}
}
